@online{IMSS2022,
  organization = {Instituto Mexicano del Seguro Social},
  title = {Subcuenta de Retiro},
  year = {2022},
  url = {http://www.imss.gob.mx/subcuenta-retiro}
}

@online{INFONAVIT2023,
  organization = {Fondo Nacional de la Vivienda para los Trabajadores},
  title = {Subcuenta de Vivienda},
  year = {2023},
  url = {http://www.infonavit.org.mx/subcuenta-vivienda}
}

@online{INFONAVIT2022,
  organization = {Instituto del Fondo Nacional de la Vivienda para los Trabajadores},
  title = {Subcuenta de Ahorro Voluntario},
  year = {2022},
  url = {http://www.infonavit.org.mx/subcuenta-ahorro-voluntario}
}
